@online{site:riskapp,
    title   = {RiskAPP},
    url     = {https://www.riskapp.it/riskapp-platform}
}

@online{site:flutter-architecture,
    title = {Flutter architectural overview},
    url = {https://docs.flutter.dev/resources/architectural-overview}
}